@book{Doe,
  title = "Short Stories",
  author = "Doe, John",
  year = 1979,
}
